%%
%% Author: gdidot
%% 7/13/18
%%

